@online{cryptodef:1, title={What is cryptocurrency}, url={https://www.investopedia.com/terms/c/cryptocurrency.asp}, journal={Investopedia}, publisher={Investopedia}, author={Frankenfield, Jake}, year={2022}, month={Apr}, urldate={2022-04-22}} 

@online{cryptodef:2, title={What is cryptocurrency}, url={https://www.coindesk.com/learn/what-is-cryptocurrency/}, journal={CoinDesk Latest Headlines RSS}, publisher={CoinDesk}, author={Sergeenkov, Andrey}, year={2021}, month={Nov}, urldate={2022-04-22}} 

@online{volatile, title={Why is bitcoin volatile}, url={https://www.investopedia.com/articles/investing/052014/why-bitcoins-value-so-volatile.asp#:~:text=Bitcoin%27s%20price%20fluctuates%20because%20it,together%20to%20create%20price%20volatility.}, journal={Investopedia}, publisher={Investopedia}, author={Reiff, Nathan}, year={2022}, month={Feb}, urldate={2022-04-22}} 

@online{trend, title={Generalmills/Pytrends: Pseudo API for google trends}, url={https://github.com/GeneralMills/pytrends}, journal={GitHub}, author={GeneralMills, emlazzarin}, year={2022}, month={Mar}, urldate={2022-04-22}} 

@online{hodl, title={Hodl}, url={https://www.investopedia.com/terms/h/hodl.asp}, journal={Investopedia}, publisher={Investopedia}, author={Frankenfield, Jake}, year={2022}, month={Jan}, urldate={2022-04-22}} 

@online{liquidity, title={Market liquidity}, url={https://en.wikipedia.org/wiki/Market_liquidity}, journal={Wikipedia}, publisher={Wikimedia Foundation}, author={Wesley, John}, year={2022}, month={Mar}, urldate={2022-04-22}}

@online{hft:1, title={Do retail investors suffer from high frequency traders}, url={https://papers.ssrn.com/sol3/papers.cfm?abstract_id=2183806}, journal={SSRN}, author={Malinova, Katya and Park, Andreas and Riordan, Ryan}, year={2012}, month={Dec}, urldate={2022-04-22}} 

@online{hft:2, title={Primer: High frequency trading}, url={https://www.iflr.com/article/b1sjckt2md0cg2/primer-high-frequency-trading#:~:text=High%20frequency%20trading%20(HFT)%2C%20or%20systematic%20trading%2C%20is,orders%20at%20extremely%20high%20speeds.}, journal={International Financial Law Review}, publisher={International Financial Law Review}, author={Zuss, Noah}, year={2021}, month={Jul}, urldate={2022-04-22}} 

@online{investigation-hft, title={Testimony concerning the severe market disruption on May 6, 2010}, url={https://www.sec.gov/news/testimony/2010/ts051110mls.htm}, journal={Testimony Concerning the Severe Market Disruption on May 6, 2010 by SEC Chairman Mary L. Schapiro on May 11, 2010}, author={Schapiro, Mary  L.}, year={2010}, month={May}, urldate={2022-04-22}} 

@online{random-walk, title={The inefficiency of Bitcoin Revisited: A dynamic approach}, url={https://www.sciencedirect.com/science/article/abs/pii/S0165176517303804}, journal={Economics Letters}, publisher={North-Holland}, author={Bariviera, Aurelio F.}, year={2017}, month={Sep}, urldate={2022-04-22}} 

@online{bkp, title={Short-term bitcoin market prediction via machine learning}, url={https://www.sciencedirect.com/science/article/pii/S2405918821000027}, journal={The Journal of Finance and Data Science}, publisher={Elsevier}, author={Jaquart, Patrick and Dann, David and Weinhardt, Christof}, year={2021}, month={Mar}, urldate={2022-04-22}} 

@online{arima, title={Bitcoin price prediction: An arima approach}, url={https://arxiv.org/abs/1904.05315}, journal={arXiv.org}, author={Azari, Amin}, year={2019}, month={Apr}, urldate={2022-04-22}} 

@online{asm, title={Advanced social media sentiment analysis for short‐term cryptocurrency price prediction}, url={https://www.researchgate.net/publication/337442647_Advanced_social_media_sentiment_analysis_for_short-term_cryptocurrency_price_prediction}, journal={ResearchGate}, author={Wołk, Krzysztof}, year={2020}, month={Apr}, urldate={2022-04-22}} 

@online{cnn-lstm, title={Forecasting stock prices with a feature fusion LSTM-CNN model using different representations of the same data}, url={https://journals.plos.org/plosone/article?id=10.1371%2Fjournal.pone.0212320}, journal={PLOS ONE}, publisher={Public Library of Science}, author={Kim, Taewook and Kim, Ha Young}, year={2019}, month={Feb}, urldate={2022-04-22}} 

@online{event-driven, title={Event-driven LSTM for forex price prediction - researchgate}, url={https://www.researchgate.net/publication/348981358_Event-Driven_LSTM_For_Forex_Price_Prediction}, journal={ResearchGate}, author={Khushi, Matloob}, year={2021}, month={Jan}, urldate={2022-04-22}} 

@online{elliot, title={What is the Elliott Wave Theory}, url={https://www.investopedia.com/terms/e/elliottwavetheory.asp}, journal={Investopedia}, publisher={Investopedia}, author={Chen, James}, year={2022}, month={Apr}, urldate={2022-04-22}} 

@online{zigzag, title={What is the zig zag indicator formula and how is it calculated}, url={https://www.investopedia.com/ask/answers/030415/what-zig-zag-indicator-formula-and-how-it-calculated.asp#:~:text=The%20zig%20zag%20indicator%20is,noise%20of%20everyday%20market%20conditions.}, journal={Investopedia}, publisher={Investopedia}, author={Team, The Investopedia}, year={2021}, month={Sep}, urldate={2022-04-22}} 

@online{electro, title={Electricity price prediction based on Hybrid Model of Adam optimized LSTM neural network and wavelet transform}, url={https://www.sciencedirect.com/science/article/abs/pii/S0360544219314768}, journal={Energy}, publisher={Pergamon}, author={Chang, Zihan and Zhang, Yang and Chen, Wenbo}, year={2019}, month={Jul}, urldate={2022-04-22}} 

@online{docker:1, title={8 reasons why docker matter for devs}, url={https://www.jobsity.com/blog/8-reasons-why-docker-matter-for-devs#:~:text=Docker%20is%20a%20tool%20designed,it%20as%20a%20single%20package.}, journal={Jobsity}, author={Lopez, Mauricio}, year={2021}, month={Oct}, urldate={2022-04-22}} 

@online{docker:2, title={How to start Docker containers automatically}, url={https://codeburst.io/how-to-start-docker-containers-automatically-ec0545c392e4}, journal={Medium}, publisher={codeburst}, author={Taylor, Twain}, year={2018}, month={Dec}, urldate={2022-04-22}} 

@online{db-type, url={https://www.tutorialspoint.com/Types-of-databases}, journal={Types of databases}, author={Sam, Samual}, year={2018}, month={Jul}, urldate={2022-04-22}} 

@online{postgre-vs-mysql, title={PostgreSQL vs. mysql: What you need to know: Blog}, url={https://www.fivetran.com/blog/postgresql-vs-mysql#:~:text=PostgreSQL%20is%20an%20object%2Drelational,%2C%20ACID%2Dcompliant%20storage%20engine.}, journal={Fivetran}, author={Chen, Brandon}, year={2021}, month={Sep}, urldate={2022-04-22}} 

@online{python-book, title={A Python Book: Beginning Python, Advanced Python, and Python Exercises}, url={https://web.archive.org/web/20120623165941/http:/cutter.rexx.com/~dkuhlman/python_book_01.html}, journal={A python book: Beginning python, Advanced Python, and python exercises}, author={Kuhlman, Dave}, year={2022}, month={Apr}, urldate={2022-04-22}} 

@online{making-of-python, title={ABC's influence on Python}, url={https://www.artima.com/articles/the-making-of-python}, journal={artima}, author={Venners, Bill}, year={2003}, month={Jan}, urldate={2022-04-22}} 

@online{why-use-python, title={Why use python for AI and machine learning}, url={https://steelkiwi.com/blog/python-for-ai-and-machine-learning/#:~:text=Python%20offers%20concise%20and%20readable,technical%20nuances%20of%20the%20language.}, journal={SteeKiwi}, author={Beklemysheva, Angela}, year={2021}, month={Dec}, urldate={2022-04-22}} 

@online{vue:1, title={Vue + fetch - HTTP get request examples}, url={https://jasonwatmore.com/post/2020/04/30/vue-fetch-http-get-request-examples}, journal={Jason Watmore's Blog}, author={Watmore, Jason}, year={2020}, month={Apr}, urldate={2022-04-22}} 

@online{vue:2, title={Vue Js: Výhody, nevýhody a možnosti Využití}, url={https://www.rascasone.com/cs/blog/co-je-framework-vuejs}, journal={Rascasone}, author={Koďousková, Barbora}, year={2021}, month={Jul}, urldate={2022-04-22}} 

@online{vue:3, title={Model-view-viewmodel (MVVM) explained}, url={https://www.atmosera.com/blog/model-view-viewmodel-mvvm-explained/}, journal={Atmosera}, author={Likness, Jeremy}, year={2022}, month={Mar}, urldate={2022-04-22}} 

@online{req, title={Requests: HTTP for humans}, url={https://docs.python-requests.org/en/latest/}, journal={Requests}, author={Reitz, Kenneth}, urldate={2022-04-22}} 

@online{chromium, title={Google is loosening its grip on Chrome's foundations, but outside allies still help it control the web itself}, url={https://www.cnet.com/tech/mobile/google-gets-web-allies-by-letting-outsiders-help-build-chromes-foundation/}, journal={CNET}, publisher={CNET}, author={Shankland, Stephen}, year={2020}, month={Nov}, urldate={2022-04-22}} 

@online{selenium, title={The selenium browser automation project}, url={https://www.selenium.dev/documentation}, journal={Selenium}, author={Marseault, Rémi and Harsha, Sri}, year={2022}, month={Mar}, urldate={2022-04-22}} 

@online{websocket, title={The Websocket API (WebSockets) - web apis: MDN}, url={https://developer.mozilla.org/en-US/docs/Web/API/WebSockets_API}, journal={Web APIs | MDN}, author={protofarer}, year={2022}, month={Apr}, urldate={2022-04-22}} 

@online{micro, title={Mastering microservices with python, Flask, and Docker course}, url={https://cloudacademy.com/course/mastering-microservices-with-python-flask-docker-1118/course-introduction/#:~:text=Microservices%20is%20an%20architectural%20style,Python%2C%20Flask%2C%20and%20Docker.}, journal={Cloud Academy}, publisher={Cloud Academy}, author={Butt, Saqib}, urldate={2022-04-22}} 

@online{jinja, title={Jinja2 explained in 5 minutes}, url={https://codeburst.io/jinja-2-explained-in-5-minutes-88548486834e}, journal={Medium}, publisher={codeburst}, author={Dugar, Diva}, year={2020}, month={Apr}, urldate={2022-04-22}}

@online{wsgi, title={What is WSGI (web server gateway interface)?}, url={https://medium.com/analytics-vidhya/what-is-wsgi-web-server-gateway-interface-ed2d290449e}, journal={Medium}, publisher={Analytics Vidhya}, author={Stud, Positive}, year={2020}, month={Sep}, urldate={2022-04-22}}

@online{flask-html, title={Application not picking up .CSS file (Flask/Python)}, url={https://stackoverflow.com/questions/22259847/application-not-picking-up-css-file-flask-python}, journal={Stack Overflow}, author={Zack}, year={2021}, month={Nov}, urldate={2022-04-22}}

@online{tensorflow-tut, title={Tutorials Tensorflow Core}, url={https://www.tensorflow.org/tutorials}, journal={TensorFlow}, year={2022}, month={Feb}, urldate={2022-04-22}}

@online{pytorch, title={Pytorch is growing, tensorflow is not}, url={https://medium.com/analytics-vidhya/pytorch-is-growing-tensorflow-is-not-6986c5e52d6f#:~:text=In%202019%E2%80%9301%E2%80%9301%2C,Tensorflow%20and%2020%25%20for%20Pytorch.}, journal={Medium}, publisher={Analytics Vidhya}, author={Díaz, Pablo}, year={2020}, month={Nov}, urldate={2022-04-22}}

@online{pytorch-vs-tensorflow, title={Pytorch vs Tensorflow - spotting the difference}, url={https://towardsdatascience.com/pytorch-vs-tensorflow-spotting-the-difference-25c75777377b#:~:text=So%2C%20both%20TensorFlow%20and%20PyTorch,from%20which%20you%20may%20choose.}, journal={Medium}, publisher={Towards Data Science}, author={Dubovikov, Kirill}, year={2018}, month={Oct}, urldate={2022-04-22}} 

@online{cryptocompare, title={A complete guide to the cryptocompare API}, url={https://blog.cryptocompare.com/a-complete-starter-guide-to-the-cryptocompare-api-29b4bb1ca25}, journal={Medium}, publisher={CryptoCompare Research}, author={Bercea, Carmen}, year={2020}, month={May}, urldate={2022-04-22}} 

@online{coindesk, title={Bitcoin}, url={https://www.coindesk.com/price/bitcoin/}, journal={CoinDesk Latest Headlines RSS}, urldate={2022-04-22}} 

@article{yt-scrape, title={crape any chart, graph, visualization or interactive with JSON data sources - free web extractor}, url={https://www.youtube.com/watch?v=i9N_LrnDUnY&amp;t=146s}, journal={YouTube}, publisher={YouTube}, author={Stevesie Data}, year={2020}, month={Dec}, urldate={2022-04-22}} 

@online{twitter, title={Rate limits | docs | twitter developer platform}, url={https://developer.twitter.com/en/docs/twitter-api/rate-limits}, journal={Twitter}, publisher={Twitter}, urldate={2022-04-22}} 

@online{scweet, title={A simple and unlimited Twitter scraper with python}, url={https://github.com/Altimis/Scweet}, journal={GitHub}, author={Altimis}, year={2022}, month={Mar}, urldate={2022-04-22}} 

@online{search-engines, title={Search Engine Market Share Worldwide 2022}, url={https://www.statista.com/statistics/216573/worldwide-market-share-of-search-engines/#:~:text=Google%20has%20dominated%20the%20search,share%20as%20of%20June%202021.}, journal={Statista}, author={Johnson, Joseph}, year={2022}, month={Mar}, urldate={2022-04-22}} 

@online{vix, title={Cboe volatility index (VIX)}, url={https://www.investopedia.com/terms/v/vix.asp}, journal={Investopedia}, publisher={Investopedia}, author={Kuepper, Justin}, year={2022}, month={Mar}, urldate={2022-04-22}} 

@online{sap, title={The S\&P 500 index}, url={https://www.investopedia.com/terms/s/sp500.asp}, journal={Investopedia}, publisher={Investopedia}, author={Kenton, Will}, year={2022}, month={Feb}, urldate={2022-04-22}} 

@online{djia, title={What is the dow jones industrial average (DJIA)}, url={https://www.investopedia.com/terms/d/djia.asp}, journal={Investopedia}, publisher={Investopedia}, author={Ganti, Akhilesh}, year={2022}, month={Apr}, urldate={2022-04-22}} 

@online{gauss, title={Computer Vision Demonstration Website}, url={https://www.southampton.ac.uk/~msn/book/new_demo/gaussian/}, journal={Gaussian Filtering - Computer Vision Website Header}, author={Nixon, Mark and Aguado, Alberto}, urldate={2022-04-22}} 

@online{stationary:1, title={Why does a time series have to be stationary}, url={https://stats.stackexchange.com/questions/19715/why-does-a-time-series-have-to-be-stationary}, journal={Cross Validated}, author={alex}, year={1959}, month={Sep}, urldate={2022-04-22}} 

@online{stationary:2, title={Stationarity in time series analysis explained using python}, url={https://blog.quantinsti.com/stationarity/}, journal={Quantitative Finance: Algo Trading Blog by QuantInsti}, publisher={Quantitative Finance: Algo Trading Blog by QuantInsti}, author={Chaudhari, Satyapriya}, year={2021}, month={Feb}, urldate={2022-04-22}} 

@online{stationary:2, title={What are the ways through which we can make a time series stationary}, url={https://discuss.analyticsvidhya.com/t/what-are-the-ways-through-which-we-can-make-a-time-series-stationary/471/2}, journal={Data Science, Analytics and Big Data discussions}, author={Jain, Kunal}, year={2015}, month={Mar}, urldate={2022-04-22}} 

@online{stationary:3, title={Forecasting: Principles and practice}, url={https://otexts.com/fpp2/stationarity.html}, journal={8.1 Stationarity and differencing}, author={Hyndman, Rob J and Athanasopoulos, George}, year={2018}, month={May}, edition = "2."} 

@online{btc-influence, title={Why does bitcoin have such a big influence on other cryptocurrencies}, url={https://www.commpro.biz/why-does-bitcoin-have-such-a-big-influence-on-other-cryptocurrencies/}, journal={Home -}, author={Beyers, Julia}, year={2021}, month={May}, urldate={2022-04-22}} 

@online{predict-project, title={LSTM-neural-network-for-time-series-prediction/config.json at master · jaungiers/LSTM-neural-network-for-time-series-prediction}, url={https://github.com/jaungiers/LSTM-Neural-Network-for-Time-Series-Prediction/blob/master/config.json}, journal={GitHub}, author={Aungiers, Jakob}, year={2018}, month={Oct}, urldate={2022-04-22}} 

@online{predict-model, title={Cryptocurrency price prediction using lstms: Tensorflow for hackers (part III)}, url={https://towardsdatascience.com/cryptocurrency-price-prediction-using-lstms-tensorflow-for-hackers-part-iii-264fcdbccd3f}, journal={Medium}, publisher={Towards Data Science}, author={Valkov, Venelin}, year={2019}, month={Jun}, urldate={2022-04-22}} 

@online{genetic, title={Introduction to genetic algorithms - including example code}, url={https://towardsdatascience.com/introduction-to-genetic-algorithms-including-example-code-e396e98d8bf3#:~:text=A%20genetic%20algorithm%20is%20a,offspring%20of%20the%20next%20generation.}, journal={Medium}, publisher={Towards Data Science}, author={Mallawaarachchi, Vijini}, year={2020}, month={Mar}, urldate={2022-04-22}} 

@online{promise, title={Promise - javascript: MDN}, url={https://developer.mozilla.org/en-US/docs/Web/JavaScript/Reference/Global_Objects/Promise}, journal={JavaScript | MDN}, author={Khot, Darshan}, year={2022}, month={Apr}, urldate={2022-04-22}} 

@online{chart, title={Promise - javascript: MDN}, url={https://developer.mozilla.org/en-US/docs/Web/JavaScript/Reference/Global_Objects/Promise}, journal={JavaScript | MDN}, author={Khot, Darshan}, year={2022}, month={Apr}, urldate={2022-04-22}} 

@online{css, title={CSS: Cascading style sheets}, url={https://developer.mozilla.org/en-US/docs/Web/CSS}, journal={MDN}, author={Perrier, Jean-Yves}, year={2022}, month={Apr}, urldate={2022-04-22}} 

@online{bootstrap, title={Modal}, url={https://getbootstrap.com/docs/4.0/components/modal/}, journal={· Bootstrap}, author={Thornton, Jacob and Otto, Mark}, urldate={2022-04-22}} 

 @online{adf, title={Why does stationarity matter in time series analysis}, url={https://towardsdatascience.com/why-does-stationarity-matter-in-time-series-analysis-e2fb7be74454}, journal={Medium}, publisher={Towards Data Science}, author={Rasheed, Rayhaan}, year={2020}, month={Jul}, urldate={2022-04-22}} 

 @online{acid, title={4 must-know properties of databases}, url={https://towardsdatascience.com/4-must-know-properties-of-databases-e366858126eb}, journal={Medium}, publisher={Towards Data Science}, author={Yıldırım, Soner}, year={2021}, month={Jan}, urldate={2022-04-22}} 
 
  @online{lstm, title={Understanding LSTM networks}, url={https://colah.github.io/posts/2015-08-Understanding-LSTMs/}, journal={Understanding LSTM Networks -- colah's blog}, author={Olah, Christopher}, year={2015}, month={Aug}, urldate={2022-04-22}} 
  
   @online{gates, title={Introduction to Long Short Term Memory}, url={https://www.analyticsvidhya.com/blog/2021/03/introduction-to-long-short-term-memory-lstm/}, journal={Analytics Vidhya}, author={Shipra, Saxena}, year={2021}, month={Mar}, urldate={2022-04-22}} 
   
 @online{l2, title={L1 and L2 regularization explained}, url={https://towardsdatascience.com/l1-and-l2-regularization-explained-874c3b03f668#:~:text=L2%20regularization%20acts%20like%20a,called%20regularization%20rate%20(lambda).}, journal={Medium}, publisher={Towards Data Science}, author={Yildirim, Soner}, year={2020}, month={May}, urldate={2022-04-22}}
 
  @online{dropout, title={tf.keras.layers.Dropout}, url={https://www.tensorflow.org/api_docs/python/tf/keras/layers/Dropout}, journal={TensorFlow}, year={2022}, month={Apr}, urldate={2022-04-22}} 